@misc{CreateLa7:online,
author = {},
title = {Create LaTeX tables online â€“ TablesGenerator.com},
howpublished = {\url{https://www.tablesgenerator.com/}},
month = {},
year = {},
note = {(Accessed on 01/26/2021)}
}